<?xml version="1.0" encoding="UTF-8"?><record xmlns="http://www.loc.gov/MARC21/slim" xmlns:cinclude="http://apache.org/cocoon/include/1.0" xmlns:zs="http://www.loc.gov/zing/srw/">
  <leader>00344cz  a2200121n  4500</leader>
  <controlfield tag="001">n 2011088822</controlfield>
  <controlfield tag="003">DLC</controlfield>
  <controlfield tag="005">20111231074845.0</controlfield>
  <controlfield tag="008">111230n| acannaabn          |n aaa      </controlfield>
  <datafield tag="010" ind1=" " ind2=" ">
    <subfield code="a">n 2011088822</subfield>
  </datafield>
  <datafield tag="040" ind1=" " ind2=" ">
    <subfield code="a">DLC</subfield>
    <subfield code="b">eng</subfield>
    <subfield code="c">DLC</subfield>
  </datafield>
  <datafield tag="100" ind1="1" ind2=" ">
    <subfield code="a">Wren, Kevin,</subfield>
    <subfield code="d">1959-</subfield>
  </datafield>
  <datafield tag="670" ind1=" " ind2=" ">
    <subfield code="a">The irish fairy tale, c2012:</subfield>
    <subfield code="b">CIP t.p. (Kevin Wren; translator) data view (b. 1959)</subfield>
  </datafield>
</record>